@book{vanKampen,
  title={ Stochastic Processes in Physics and Chemistry },
  author={Van Kampen, N.G.},
  isbn={9780444529657},
  year={2007},
  publisher={Elsevier},
  edition={3}
}

@book{tania,
  title={ Dinâmica Estocástica e Irreversibilidade },
  author={T. Tomé; M. J. de Oliveira},
  isbn={9788531414800},
  year={2014},
  publisher={edusp},
  edition={2}
}

@book{giordano,
  title={ Computational Physics },
  author={N. J. Giordano},
  isbn={0-13-367723-0},
  year={1997},
  publisher={Prentice Hall},
  edition={1}
}

@book{oxfordsolid,
  title={ The Oxford Solid State Basics },
  author={Steven H. Simon},
  isbn={978-0-19-968077-1},
  year={2017},
  publisher={Oxford University Press},
  edition={1}
}

@book{symonmech,
  title={ Mechanics },
  author={Keith R. Symon},
  isbn={0-201-07392-7},
  year={1971},
  publisher={Addison-Wesley Publishing Company},
  edition={3}
}

@book{smalediff,
  title={ Differential Equations, Dynamical Systems, and an Introduction to Chaos },
  author={Morris W. Hirsch, Sephen Smale, Robert L. Devaney},
  isbn={978-0-12-382010-5},
  year={2013},
  publisher={Academic Press},
  edition={3}
}

@book{chapranum,
  title={ Métodos Numéricos Aplicados com Matlab para Engenheiros e Cientistas },
  author={Steven C. Chapra},
  isbn={978-85-8055-176-1},
  year={2013},
  publisher={AMGH Editora},
  edition={3},
  note={(Portuguese translation of the book "Applied Numerical Methods with MATLAB for Engineers and Scientists, 3rd edition" by Steven C. Chapra)}
}

@book{taylormech,
  title={ Mecânica Clássica },
  author={John R. Taylor},
  isbn={978-85-8260-087-0},
  year={2013},
  publisher={Bookman Editora},
  edition={1},
  note={(Portuguese translation of the book "Classical Mechanics" by John R. Taylor)}
}

@book{allentildesley,
  title={ Computer Simulation of Liquids },
  author={Michael P. Allen, Dominic J. Tildesley},
  isbn={978-0-19-880320-1},
  year={2017},
  publisher={Oxford University Press},
  edition={2}
}

@book{salinas,
  title={ Introduction to Statistical Physics },
  author={Silvio R. A Salinas},
      isbn={978-1-4419-2884-9},
  year={2001},
  publisher={Springer-Verlag},
  edition={1}
  note={(English translation of the portuguese version)}
}

@phdthesis{michael,
    author   = {M. M. Cândido},
    title    = {Problemas em condutividade térmica em cadeias harmônicas e anarmônicas},
    school   = {Pontifícia Universidade Católica do Rio de Janeiro},
    year     = {2017},
}

@article{rieder,
    author  = {Z. Rieder, J. L. Lebowitz, E. Lieb},
    title   = {Properties of a Harmonic Crystal in a Stationary Nonequilibrium State},
    journal = {Journal of Mathematical Physics},
    year    = {1967},
    volume  = {8},
    number  = {5},
    month   = {May},
}

@article{baowen,
    author  = {Baowen Li, Lei Wang, Giulio Casati},
    title   = {Thermal Diode: Rectification of Heat Flux},
    journal = {Physical Review Letters},
    year    = {2004},
    volume  = {93},
    number  = {18},
    month   = {October},
}

@article{bambi,
    author  = {Bambi Hu, Baowen Li, Hong Zhao},
    title   = {Heat conduction in one-dimensional chains},
    journal = {Physical Review E},
    year    = {1998},
    volume  = {57},
    number  = {3},
    month   = {March},
}

@article{honeycutt,
    author  = {Rebecca L. Honeycutt},
    title   = {Stochastic Runge-Kutta algorithms. I. White noise},
    journal = {Physical Review A},
    year    = {1992},
    volume  = {45},
    number  = {2},
    month   = {January},
}

@article{hansen,
    author  = {Hansen, James A. and Penland, Cecile},
    title   = {Efficient Approximate Techniques for Integrating Stochastic Differential Equations},
    journal = {Monthly Weather Review},
    year    = {2006},
    volume  = {134},
    number  = {10},
    month   = {October},
}

@article{ruemelin,
    author  = {Rümelin},
    title   = {Numerical treatment of stochastic differential equations},
    journal = {Journal on Numerical Analysis},
    year    = {1982},
    volume  = {19},
    number  = {3},
    month   = {June},
}

@article{lepri,
    author  = {Stefano Lepri, Roberto Livi, Antonio Politi},
    title   = {Heat Conduction in Chains of Nonlinear Oscillators},
    journal = {Physical Review Letters},
    year    = {1997},
    volume  = {78},
    number  = {10},
    month   = {March},
}
