
@Book{ashcroftSolidState1976,
  author = {\uppercase{Ashcroft, N. W.; Mermin, N. D.}},
  title = {Solid State Physics},
  publisher = {Brooks/Cole, Cengage Learning},
  year = {1976},
  edition = {1st},
  address = {California, USA}
}

@Book{brushKindMotion,
  author = {\uppercase{Brush, S. G.}},
  title = {The kind of motion we call heat: A history of the kinetic theory of gases in the 19th century},
  publisher = {North-Holland Publishing Company},
  volume = {1}
}

@Book{callenThermodynamicsIntroduction1985,
  author = {\uppercase{Callen, H. B.}},
  title = {Thermodynamics and an introduction to thermostatistics},
  publisher = {John Wiley \& Sons},
  year = {1985},
  edition = {Second}
}

@PhdThesis{candidoProblemasEm2017,
  author = {\uppercase{Cândido, M. M.}},
  title = {Problemas em condutividade térmica em cadeias harmônicas e anarmônicas},
  school = {Departamento de Física, Pontifícia Universidade Católica do Rio de Janeiro},
  year = {2017},
  type = {Ph.D. Thesis},
  address = {Rio de Janeiro, Brasil}
}

@Article{changSolidStateThermal2006,
  author = {\uppercase{Chang, C. W.; Okawa, D.; Majumdar, A.; Zettl, A.}},
  title = {Solid-State Thermal Rectifier},
  journal = {Science},
  year = {2006},
  volume = {314},
  pages = {1121--1124}
}

@Book{degrootNonEquilibriumThermodynamics,
  author = {\uppercase{{de Groot}, S. R.; Mazur, P.}},
  title = {Non-Equilibrium Thermodynamics},
  publisher = {Dover},
  address = {New York}
}

@Book{deoliveiraTermodinamica2012,
  author = {\uppercase{{de Oliveira}, M. J.}},
  title = {Termodinâmica},
  publisher = {Editora Livraria da Física},
  year = {2012},
  edition = {2a},
  address = {São Paulo,  Brasil}
}

@Article{evansNoseHoover1985,
  author = {\uppercase{Evans, D. J.; Holian, B. L.}},
  title = {The Nose–Hoover thermostat},
  journal = {The Journal of Chemical Physics},
  year = {1985},
  volume = {83},
  pages = {4069--4074}
}

@Book{giordanoComputationalPhysics1997,
  author = {\uppercase{Giordano, N. J.}},
  title = {Computational Physics},
  publisher = {Prentice-Hall, Inc.},
  year = {1997}
}

@Article{hansenEfficientApproximate2006,
  author = {\uppercase{Hansen, J. A.; Penland, C.}},
  title = {Efficient Approximate Techniques for Integrating Stochastic Differential Equations},
  journal = {Monthly Weather Review},
  year = {2006},
  volume = {134},
  pages = {3006--3014}
}

@Article{honeycuttStochasticRungeKutta1992,
  author = {\uppercase{Honeycutt, R. L.}},
  title = {Stochastic Runge-Kutta algorithms. I. White noise},
  journal = {Physical Review A},
  year = {1992},
  volume = {45},
  pages = {600--603}
}

@Article{hooverCanonicalDynamics1985,
  author = {\uppercase{Hoover, W. G.}},
  title = {Canonical dynamics: Equilibrium phase-space distributions},
  journal = {Physical Review A},
  year = {1985},
  volume = {31},
  pages = {1695--1697}
}

@Article{huHeatConduction1998,
  author = {\uppercase{Hu, B.; Li, B.; Zhao, H.}},
  title = {Heat conduction in one-dimensional chains},
  journal = {Physical Review E},
  year = {1998},
  volume = {57},
  pages = {2992--2995}
}

@Article{huHeatConduction2000,
  author = {\uppercase{Hu, B.; Li, B.; Zhao, H.}},
  title = {Heat conduction in one-dimensional nonintegrable systems},
  journal = {Physical Review E},
  year = {2000},
  volume = {61},
  pages = {3828--3831}
}

@Article{kobayashiOxideThermal2009,
  author = {\uppercase{Kobayashi, W.; Teraoka, Y.; Terasaki, I.}},
  title = {An oxide thermal rectifier},
  journal = {Applied Physics Letters},
  year = {2009},
  volume = {95},
  pages = {171905}
}

@Article{lemonsPaulLangevin1997,
  author = {\uppercase{Lemons, D. S.; Gythiel, A.}},
  title = {Paul Langevin’s 1908 paper “On the Theory of Brownian Motion” [“Sur la théorie du mouvement brownien,” C. R. Acad. Sci. (Paris) 146 , 530–533 (1908)]},
  journal = {American Journal of Physics},
  year = {1997},
  volume = {65},
  pages = {1079--1081}
}

@Article{lepriHeatConduction1997,
  author = {\uppercase{Lepri, S.; Livi, R.; Politi, A.}},
  title = {Heat Conduction in Chains of Nonlinear Oscillators},
  journal = {Physical Review Letters},
  year = {1997},
  volume = {78},
  pages = {1896--1899}
}

@Article{lepriThermalConduction2003,
  author = {\uppercase{Lepri, S.; Livi, R.; Politi, A.}},
  title = {Thermal conduction in classical low-dimensional lattices},
  journal = {Physics Reports},
  year = {2003},
  volume = {377},
  pages = {1--80}
}

@Article{liebProblemsStatistical1999,
  author = {\uppercase{Lieb, E. H.}},
  title = {Some problems in statistical mechanics that I would like to see solved},
  journal = {Physica A: Statistical Mechanics and its Applications},
  year = {1999},
  volume = {263},
  pages = {491--499}
}

@Article{liPhononicsManipulating2012,
  author = {\uppercase{Li, N.; Ren, J.; Wang, L.; Zhang, G.; Hänggi, P.; Li, B.}},
  title = {Phononics: Manipulating heat flow with electronic analogs and beyond},
  journal = {Reviews of Modern Physics},
  year = {2012},
  volume = {84},
  pages = {1045--1066}
}

@Article{liThermalDiode2004,
  author = {\uppercase{Li, B.; Wang, L.; Casati, G.}},
  title = {Thermal Diode: Rectification of Heat Flux},
  journal = {Physical Review Letters},
  year = {2004},
  volume = {93},
  pages = {184301}
}

@Book{macedoFisicoQuimica1981,
  author = {\uppercase{Macedo, H.}},
  title = {Físico-Química I},
  publisher = {Editora Guanabara Dois S.A.},
  year = {1981},
  address = {Rio de Janeiro, Brasil}
}

@Article{martinez-perezRectificationElectronic2015,
  author = {\uppercase{{Martínez-Pérez}, M. J.; Fornieri, A.; Giazotto, F.}},
  title = {Rectification of electronic heat current by a hybrid thermal diode},
  journal = {Nature Nanotechnology},
  year = {2015},
  volume = {10},
  pages = {303--307}
}

@Book{nelsonDynamicalTheories2001,
  author = {\uppercase{Nelson, E.}},
  title = {Dynamical Theories of Brownian Motion},
  publisher = {Princeton University Press},
  year = {2001},
  edition = {Second}
}

@Article{noseUnifiedFormulation1984,
  author = {\uppercase{Nosé, S.}},
  title = {A unified formulation of the constant temperature molecular dynamics methods},
  journal = {The Journal of Chemical Physics},
  year = {1984},
  volume = {81},
  pages = {511--519}
}

@PhdThesis{olivaresrodriguezEfeitosAlcance2017,
  author = {\uppercase{Olivares Rodríguez, C. E.}},
  title = {Efeitos do alcance das interações no transporte de calor},
  school = {Departamento de Física, Pontifícia Universidade Católica do Rio de Janeiro},
  year = {2017},
  type = {Ph.D. Thesis},
  address = {Rio de Janeiro, Brasil}
}

@Article{olivaresRoleRange2016,
  author = {\uppercase{Olivares, C.; Anteneodo, C.}},
  title = {Role of the range of the interactions in thermal conduction},
  journal = {Physical Review E},
  year = {2016},
  volume = {94},
  pages = {042117}
}

@Book{pauliThermodynamicsKinetic2000,
  author = {\uppercase{Pauli, W. P.}},
  title = {Thermodynamics and the Kinetic Theory of Gases},
  publisher = {Dover},
  year = {2000},
  volume = {3},
  series = {Pauli Lectures on Physics}
}

@Book{prigogineNonEquilibriumStatistical2017,
  author = {\uppercase{Prigogine, I.}},
  title = {Non-Equilibrium Statistical Mechanics},
  publisher = {Dover Publications, Inc},
  year = {2017},
  address = {Mineola, New York}
}

@Book{quarteroniNumericalMathematics2007,
  author = {\uppercase{Quarteroni, A.; Sacco, R.; Saleri, F.}},
  title = {Numerical Mathematics},
  publisher = {Springer},
  year = {2007},
  edition = {Second}
}

@Article{riederPropertiesHarmonic1967,
  author = {\uppercase{Rieder, Z.; Lebowitz, J. L.; Lieb, E.}},
  title = {Properties of a Harmonic Crystal in a Stationary Nonequilibrium State},
  journal = {Journal of Mathematical Physics},
  year = {1967},
  volume = {8},
  pages = {1073--1078}
}

@Article{rumelinNumericalTreatment1982,
  author = {\uppercase{Rümelin, W.}},
  title = {Numerical Treatment of Stochastic Differential Equations},
  journal = {SIAM Journal on Numerical Analysis},
  year = {1982},
  volume = {19},
  pages = {604--613}
}

@Book{salinasIntroducaoFisica2013,
  author = {\uppercase{Salinas, S. R. A.}},
  title = {Introdução à Física Estatística},
  publisher = {Editora da Universidade de São Paulo},
  year = {2013},
  edition = {2a},
  address = {São Paulo,  Brasil}
}

@Book{simonOxfordSolid2017,
  author = {\uppercase{SImon, S. H.}},
  title = {The Oxford Solid State Basics},
  publisher = {Oxford University Press},
  year = {2017},
  edition = {1st},
  address = {Oxford, UK}
}

@Article{terraneoControllingEnergy2002,
  author = {\uppercase{Terraneo, M.; Peyrard, M.; Casati, G.}},
  title = {Controlling the Energy Flow in Nonlinear Lattices: A Model for a Thermal Rectifier},
  journal = {PHYSICAL REVIEW LETTERS},
  year = {2002},
  volume = {88},
  pages = {4}
}

@Book{tomeDinamicaEstocastica2014,
  author = {\uppercase{Tomé, T.; {de Oliveira}, M. J.}},
  title = {Dinâmica Estocástica e Irreversibilidade},
  publisher = {Editora da Universidade de São Paulo},
  year = {2014},
  edition = {2a},
  address = {São Paulo,  Brasil}
}

@Book{truesdellTragicomicalHistory1980,
  author = {\uppercase{Truesdell, C. A.}},
  title = {The tragicomical history of Thermodynamics 1822-1854},
  publisher = {Springer-Verlag},
  year = {1980},
  edition = {1st}
}

@Book{vankampenStochasticProcesses2007,
  author = {\uppercase{Van Kampen, N. G.}},
  title = {Stochastic Processes in Physics and Chemistry},
  publisher = {Elsevier},
  year = {2007},
  edition = {3rd},
  address = {Amsterdam, The Netherlands}
}


